
@article{szabo2021categorical,
  title={On a categorical framework for classifying C*-dynamics up to cocycle conjugacy},
  author={Szabo, Gabor},
  journal={Journal of Functional Analysis},
  volume={280},
  number={8},
  pages={108927},
  year={2021},
  publisher={Elsevier}
}

@article{szabo2021classification,
  title={The classification of Rokhlin flows on C*-algebras},
  author={Szabo, Gabor},
  journal={Communications in Mathematical Physics},
  volume={382},
  number={3},
  pages={2015--2070},
  year={2021},
  publisher={Springer}
}
@article{kishimoto2006multiplier,
  title={Multiplier cocycles of a flow on a C*-algebra},
  author={Kishimoto, Akitaka},
  journal={Journal of Functional Analysis},
  volume={235},
  number={1},
  pages={271--296},
  year={2006},
  publisher={Elsevier}
}

@article{kishimoto1996rokhlin,
  title={A Rohlin property for one-parameter automorphism groups},
  author={Kishimoto, Akitaka},
  journal={Communications in mathematical physics},
  volume={179},
  pages={599--622},
  year={1996},
  publisher={Springer}
}
@book{bourbaki1966elements,
  title={Elements of mathematics: General topology},
  author={Bourbaki, Nicolas},
  year={1966},
  publisher={Hermann}
}

